% Encoding: windows-1252

@Book{bentley:1999,
  title     = {{P}rogramming {P}earls},
  publisher = {Ad\-dison--Wesley},
  year      = {1999},
  author    = {Jon Bentley},
  address   = {Boston, MA, USA},
  edition   = {2},
}

@BOOK{bringhurst:2002,
    title = {{T}he {E}lements of {T}ypographic {S}tyle},
    publisher = {Hartley \& Marks Publishers},
    year = {2013},
    author = {Robert Bringhurst},
    series = {Version 4.0: 20th Anniversary Edition},
    address = {Point Roberts, WA, USA}
}

@BOOK{cormen:2001,
    title = {{I}ntroduction to {A}lgorithms},
    publisher = {The MIT Press},
    year = {2009},
    author = {Cormen, Thomas H. and Leiserson, Charles E. and Rivest, Ronald L.
    and Clifford Stein},
    address = {Cambridge, MA, USA},
    edition = 3
}

@BOOK{dueck:trio,
    title = {{D}ueck's {T}rilogie 2.1: {O}mnisophie -- {S}upramanie -- {T}opothesie},
    publisher = {Springer},
	address = {Berlin, Germany},
    year = {2013},
    author = {Gunter Dueck}
}

@ARTICLE{knuth:1976,
    author = {Knuth, Donald E.},
    title = {{B}ig {O}micron and {B}ig {O}mega and {B}ig {T}heta},
    journal = {SIGACT News},
    year = {1976},
    volume = {8},
    pages = {18--24},
    number = {2},
    address = {New York, NY, USA},
    publisher = {ACM Press}
}

@ARTICLE{knuth:1974,
    author = {Knuth, Donald E.},
    title = {{C}omputer {P}rogramming as an {A}rt},
    journal = {Communications of the ACM},
    year = {1974},
    volume = {17},
    pages = {667--673},
    number = {12},
    address = {New York, NY, USA},
    publisher = {ACM Press}
}

@BOOK{sommerville:1992,
    title = {{S}oftware {E}ngineering},
    publisher = {Addison-Wesley},
    year = {2015},
    author = {Ian Sommerville},
    address = {Boston, MA, USA},
    edition = 10
}

@Book{taleb:2018,
  title     = {Skin in the Game: Hidden Asymmetries in Daily Life},
  publisher = {Random House},
  year      = {2018},
  author    = {Taleb, Nassim Nicholas},
  address   = {New York, NY, USA},
}

@Book{taleb:2010,
 title = {The Black Swan: The Impact of the Highly Improbable},
 publisher = {Random House},
 year = {2010},
 author = {Taleb, Nassim Nicholas},
 address = {New York, NY, USA}
 }
 

@BOOK{ferriss:2016,
title={Tools of Titans: The Tactics, Routines, and Habits of Billionaires, Icons, and World-Class Performers},
author={Timothy Ferriss},
publisher={Houghton Mifflin Harcourt},
year={2016},
address = {Boston, MA, USA},
}

@Book{adams:1996,
 author = {Adams, Scott},
 title = {The Dilbert Principle},
 publisher = {Harper Business},
 year = {1996},
 address = {New York, NY, USA}
 }

@Book{adams:2013,
 author = {Adams, Scott},
 title = {How to Fail at Almost Everything and Still Win Big: Kind of the Story of My Life},
 publisher = {Portfolio Penguin},
 year = {2013},
 address = {London, United Kingdom},
 }

@Book{aurelius:2002,
 author = {Aurelius, Marcus},
 title = {Meditations (A New Translation)},
 publisher = {Modern Library},
 year = {2002},
 address = {New York, NY, USA},
 }

@Book{cialdini:1984,
 author = {Cialdini, Robert B.},
 title = {Influence: The Psychology of Persuasion},
 publisher = {Harper Business},
 year = {1984},
 address = {New York, NY, USA}
 }

@Book{feynman:1985,
  title     = {{S}urely {Y}ou're {J}oking, {M}r. {F}eynman: {A}dventures of a {C}urious {C}haracter},
  publisher = {W. W. Norton},
  year      = {1985},
  author    = {Feynman, Richard P.},
  address   = {New York, NY, USA},
}

@Book{greenwald:2014,
  title     = {{N}o {P}lace to {H}ide: {E}dward {S}nowden, the {NSA}, and the {S}urveillance {S}tate},
  publisher = {Metropolitan Books},
  year      = {2014},
  author    = {Greenwald, Glenn},
  address   = {New York, NY, USA},
}

@Book{orwell:1949,
 author = {Orwell, George},
 title = {Nineteen Eighty-Four},
 publisher = {Secker \& Warburg},
 year = {1949},
 address = {London, United Kingdom}
 }

@Book{pausch:2008,
  title     = {The Last Lecture},
  publisher = {Hodder \& Stoughton},
  year      = {2008},
  author    = {Pausch, Randy},
  editor    = {Zaslow, Jeffrey},
  address   = {London, United Kingdom},
}

@Book{seneca,
 author = {Seneca, Lucius},
 title = {Letters from a Stoic: Epistulae Morales ad Lucilium},
 publisher = {Penguin},
 year = {1969},
 address = {Harmondsworth, United Kingdom}
 }

@Book{trump:1987,
 author = {Trump, Donald J. and Schwartz, Tony},
 title = {Trump: The Art of the Deal},
 publisher = {Random House},
 year = {1987},
 address = {New York, NY, USA}
 }

 @Book{frankl:1959,
  author = {Frankl, Viktor E.},
 title = {Man's Search for Meaning},
 publisher = {Beacon Press},
 year = {1959},
 address = {Boston, MA, USA}
  }

@Book{munger:2008,
  title     = {Poor Charlie's Almanack: The Wit and Wisdom of Charles T. Munger},
  publisher = {Donning Company},
  year      = {2008},
  author    = {Munger, Charles T.},
  editor    = {Kaufman, Peter D.},
  address   = {Virginia Beach, VA, USA},
  edition   = {3},
}
 
 @Book{postman:2005,
 author = {Postman, Neil},
 title = {Amusing Ourselves to Death: Public Discourse in the Age of Show Business (20th Anniversary Edition)},
 publisher = {Penguin Books},
 year = {2005},
 address = {New York, NY, USA}
 }

@Book{taleb:2012,
  title     = {{A}ntifragile: {T}hings {T}hat {G}ain from {D}isorder},
  publisher = {Random House},
  year      = {2012},
  author    = {Taleb, Nassim Nicholas},
  address   = {New York, NY, USA},
}

@Book{peterson:2018,
  title     = {12 Rules for Life: An Antidote to Chaos},
  publisher = {Random House Canada},
  year      = {2018},
  author    = {Peterson, Jordan B.},
  address   = {Toronto, ON, Canada},
}

@Book{harari:2014,
  title     = {Sapiens: A Brief History of Humankind},
  publisher = {Random House},
  year      = {2014},
  author    = {Harari, Yuval Noah},
  address   = {New York, NY, USA},
}

@Article{ Vil1,
	author = {Villanger, Yngve and Heggernes, Pinar and Paul, Christophe  and Telle, Jan Arne},
	title = {Interval Completion Is Fixed Parameter Tractable},
	journal = {SIAM J. Comput.},
	volume = {38},
	number = {5},
	year = {2008},
	issn = {0097-5397},
	pages = {2007--2020}
}

@Misc{ Nie1,
	author = "Rolf Niedermeier",
	title = "Invitation to Fixed-Parameter Algorithms",
	year = "2002"
}

@Article{ Abh1,
	author = "Abhijin Adiga and Diptendu Bhowmick and L. Sunil Chandran",
	title = "The hardness of approximating the boxicity, cubicity and threshold dimension of a graph",
	journal = "Discrete Appl. Math.",
	volume = "158",
	month = "08",
	year = "2010",
	issn = "0166-218X",
	pages = "1719--1726",
	issue = "16"
}

@Electronic{ Gro1,
	author = "M. Grohe",
	title = "Lecture Logs: Parameterized Algorithms and Complexity",
	url = "http://www2.informatik.hu-berlin.de/logik/lehre/SS10/Para/log.html",
	year = "2010"
}

@Article{ Reed1,
	title = "Finding odd cycle transversals",
	author = "Bruce A. Reed and Kaleigh Smith and Adrian Vetta",
	year = "2004",
	journal = "Oper. Res. Lett.",
	volume = "32",
	number = "4",
	pages = "299--301"
}

@InProceedings{ Rob1,
	author = "F. S. Roberts",
	title = "On the boxicity and cubicity of a graph",
	booktitle = "Recent Progresses in Combinatorics",
	year = "1969",
	pages = "301--310",
	publisher = "Academic Press, New York"
}

@Article{ Bus1,
	author = "Jonathan F. Buss and Judy Goldsmith",
	title = "Nondeterminism Within P",
	journal = "SIAM J. Comput.",
	volume = "22",
	number = "3",
	year = "1993",
	pages = "560--572"
}

@Article{ Yan1,
	author = "Mihalis Yannakakis",
	title = "The complexity of the partial order dimension problem",
	journal = "SIAM J. Alg. Disc. Meth.",
	volume = "3",
	number = "3",
	year = "1982",
	pages = "351--358"
}

@Article{ Sak2,
	author = "Daniel Lokshtanov and Saket Saurabh and Somnath Sikdar",
	title = "Simpler Parameterized Algorithm for OCT",
	book = "Combinatorial Algorithms: 20th International Workshop, IWOCA 2009, Hradec nad Moravic{\'i}, Czech Republic, June 28---July 2, 2009, Revised Selected Papers",
	year = "2009",
	pages = "380--384",
	publisher = "Springer-Verlag",
	address = "Berlin, Heidelberg"
}

@InProceedings{ Marx1,
	AUTHOR = "Daniel Marx",
	TITLE = "Chordal Deletion Is Fixed-Parameter Tractable",
	booktitle = "WG'06",
	PAGES = "37--48",
	YEAR = "2006"
}

@InProceedings{ Kap1,
	author = "H. Kaplan and R. Shamir and R. E. Tarjan",
	title = "Tractability of parameterized completion problems on chordal and interval graphs: minimum fill-in and physical mapping",
	booktitle = "SFCS '94",
	year = "1994",
	pages = "780--791",
	publisher = "IEEE Computer Society",
	address = "Washington, DC, USA"
}

@Article{ Krat1,
	author = "Jan Kratochv{\'i}l",
	title = "A special planar satisfiability problem and a consequence of its {NP}-completeness",
	journal = "Discrete Appl. Math.",
	volume = "52",
	number = "3",
	year = "1994",
	issn = "0166-218X",
	pages = "233--252"
}

@PhDThesis{ Coz1,
	author = "M. B. Cozzens",
	title = "Higher and multi-dimensional analogues of interval graphs",
	school = "Department of Mathematics, Rutgers University",
	year = "1981",
	address = " New Brunswick, NJ"
}

@PhDThesis{ Sch1,
	author = "Edward R. Scheinerman",
	title = "Intersection classes and multiple intersection parameters of graphs",
	school = "Princeton University",
	year = "1984"
}

@InProceedings{ Adiga2,
	author = "Abhijin Adiga and Rajesh Chitnis and Saket Saurabh",
	title = "Parameterized Algorithms for Boxicity",
	booktitle = "ISAAC",
	year = "2010",
	pages = "366--377"
}

@InProceedings{ Jas1,
	author = "Abhijin Adiga and Jasine Babu and L Sunil Chandran",
	title = "A constant factor approximation algorithm for boxicity of circular arc graphs",
	booktitle = "Algorithms and Data Structures Symposium (WADS)",
	publisher = "Springer-Verlag",
	series = "Lecture Notes in Computer Science",
	volume = "6844",
	year = "2011"
	
}

@Book{ GrB1,
	author = {Andreas Brandst{\"a}dt and Van Bang Le and Jeremy P. Spinrad},
	title = "Graph classes: a survey",
	year = "1999",
	isbn = "0-89871-432-X",
	publisher = "Society for Industrial and Applied Mathematics",
	address = "Philadelphia, PA, USA"
}


@InProceedings{ Trot1,
	author = "William T. Trotter",
	title = "New perspectives on interval orders and interval graphs",
	booktitle = "in Surveys in Combinatorics",
	year = "1997",
	pages = "237--286",
	publisher = "Cambridge Univ. Press"
}

@Article{ Thom1,
	author = "Carsten Thomassen",
	title = "Interval representations of planar graphs",
	journal = "J. Comb. Theory Ser. B",
	volume = "40",
	issue = "1",
	year = "1986",
	issn = "0095-8956",
	pages = "9--20"
}

@Article{ Feder99,
	author = "Tomas Feder and Pavol Hell and Jing Huang",
	title = "List Homomorphisms and Circular Arc Graphs",
	journal = "Combinatorica",
	year = "1999",
	volume = "19",
	pages = "487--505"
}

@InProceedings{ Ma91,
	author = "Tze-heng Ma and Jeremy Spinrad",
	title = "An ${O}(n^2)$ time algorithm for the 2-chain cover problem and related problems",
	booktitle = "Proceedings of the second annual ACM-SIAM symposium on Discrete algorithms",
	year = "1991",
	isbn = "0-89791-376-0",
	location = "San Francisco, California, United States",
	pages = "363--372"
}

@Article{ Gol2000,
	author = "Martin Charles Golumbic and Moshe Lewenstein",
	title = "New results on induced matchings",
	journal = "Discrete Appl. Math.",
	volume = "101",
	issue = "1-3",
	month = {04},
	year = "2000",
	issn = "0166-218X",
	pages = "157--165"
}

@Article{ Cameron2003,
	author = "Kathie Cameron and R. Sritharan and Yingwen Tang",
	title = "Finding a maximum induced matching in weakly chordal graphs",
	journal = "Discrete Math.",
	volume = "266",
	issue = "1-3",
	month = {05},
	year = "2003",
	issn = "0012-365X",
	pages = "133--142"
}

@Article{ Abu10,
	author = "Atif A. Abueida and Arthur H. Busch and R. Sritharan",
	title = "A Min-Max Property of Chordal Bipartite Graphs with Applications",
	journal = "Graphs and Combinatorics",
	volume = "26",
	number = "3",
	year = "2010",
	pages = "301--313"
}

@Article{ Yu98,
	author = "Chang-Wu Yu and Gen-Huey Chen and Tze-Heng Ma",
	title = "On the Complexity of the {\it }-Chain Subgraph Cover Problem",
	journal = "Theor. Comput. Sci.",
	volume = "205",
	number = "1-2",
	year = "1998",
	pages = "85--98"
}

@Article{ Lin09,
	author = "Min Chih Lin and Jayme Luiz Szwarcfiter",
	title = "Characterizations and recognition of circular-arc graphs and subclasses: A survey",
	journal = "Discrete Mathematics",
	volume = "309",
	number = "18",
	year = "2009",
	pages = "5618--5635"
}

@Article{ Hell2004,
	author = "Pavol Hell and Jing Huang",
	title = "Interval bigraphs and circular arc graphs",
	journal = "J. Graph Theory",
	volume = "46",
	issue = "4",
	month = "August",
	year = "2004",
	issn = "0364-9024",
	pages = "313--327"
}

@Article{ SUCVC,
	author = "L. Sunil Chandran and Anita Das and Chintan D. Shah",
	title = "Cubicity, boxicity, and vertex cover",
	journal = "Discrete Mathematics",
	volume = "309",
	number = "8",
	year = "2009",
	pages = "2488--2496"
}

@Article{ Tucker1,
	author = "Alan C. Tucker",
	title = "Matrix Characterizations of Circular-Arc Graphs",
	journal = "Pacific J. of Mathematics",
	volume = "19",
	year = "1971",
	pages = "535--545"
}

@Article{ Tucker2,
	author = "Alan C. Tucker",
	title = "Structure theorems for some circular-arc graphs",
	journal = "Discrete Mathematics",
	volume = "7",
	number = "1,2",
	year = "1974",
	pages = "167--195"
}

@Article{ Ross1,
	author = "Ross M. McConnell",
	title = "Linear-Time Recognition of Circular-Arc Graphs",
	journal = "Algorithmica",
	volume = "37",
	number = "2",
	year = "2003",
	pages = "93--147"
}

@InProceedings{ Esch1,
	author = "Elaine M. Eschen and Jeremy P. Spinrad",
	title = "An ${O}(n^2)$ algorithm for circular-arc graph recognition",
	booktitle = "Proceedings of the fourth annual ACM-SIAM Symposium on Discrete algorithms",
	year = "1993",
	isbn = "0-89871-313-7",
	location = "Austin, Texas, United States",
	pages = "128--137"
}

@Article{ GJ80,
	author = "M. R. Garey and D. S. Johnson and Gary L. Miller and C. H. Papadimitriou",
	title = "The Complexity of Coloring Circular Arcs and Chords",
	year = "1980",
	Journal = "SIAM J. Alg. Disc. Meth.",
	pages = "216--227",
	month = {06},
	volume = "1",
	number = "2"
}

@InProceedings{ Mazoit06,
	author = "Fr{\'e}d{\'e}ric Mazoit",
	title = "The Branch-Width of Circular-Arc Graphs",
	booktitle = "LATIN",
	year = "2006",
	pages = "727--736"
}

@InProceedings{ Suchan1,
	author = "Karol Suchan and Ioan Todinca",
	title = "Pathwidth of circular-arc graphs",
	booktitle = "WG'07",
	year = "2007",
	isbn = "3-540-74838-5, 978-3-540-74838-0",
	location = "Dornburg, Germany",
	pages = "258--269"
}

@Article{ Sundaram,
	author = {Sundaram, Ravi and Singh, Karan Sher and Pandu Rangan, C.},
	title = {Treewidth of Circular-Arc Graphs},
	journal = {SIAM J. Discret. Math.},
	volume = {7},
	issue = {4},
	month = {11},
	year = {1994},
	issn = {0895-4801},
	pages = {647--655}
}

@InProceedings{ Gallai,
	author = "Tibor Gallai",
	title = "On Directed Paths and Circuits",
	booktitle = "Theory of Graphs",
	editor = {Paul Erd{\"o}s and Gyula Katona},
	year = "1968",
	pages = "115--118",
	location = "Tihany",
	publisher = "Academic Press, New York"
}

@Article{ Rosgen,
	author = "Bill Rosgen and Lorna Stewart",
	title = "Complexity Results on Graphs with Few Cliques",
	journal = "Discrete Mathematics and Theoretical Computer Science",
	volume = "9",
	year = "2007",
	pages = "127--136"
}

@Article{ Esperet09,
	author = "Louis Esperet",
	title = "Boxicity of Graphs with Bounded Degree",
	journal = "Eur. J. Comb.",
	volume = "30",
	number = "5",
	year = "2009",
	pages = "1277--1280"
}

@article{ AdigaCOCOON,
	author = "Abhijin Adiga and Diptendu Bhowmick and L. Sunil Chandran",
	title = "Boxicity and Poset Dimension",
	journal = "SIAM J. Discrete Math.",
	volume    = "25",
  number    = "4",
  year      = "2011",
  pages     = "1687--1698",
}

@InProceedings{ Mathew2011,
	author = "Stefan Felsner and Mathew C. Francis",
	title = "Contact Representations of Planar Graphs with Cubes",
	booktitle = "Proceedings of the 27th Annual Symposium on Computational Geometry",
	series = "SoCG 2011, to appear",
	month = {06},
	year = "2011",
	location = "Paris, France"
}

@Article{ Bellatoni,
	author = "S. Bellatoni and I. Ben-Arroyo Hartman and T. Przytycka and S. Whitesides",
	title = "Grid intersection graphs and boxicity",
	journal = "Discrete Math.",
	volume = "114",
	issue = "1-3",
	month = {04},
	year = "1993",
	pages = "41--49",
	publisher = "Elsevier Science Publishers B. V.",
	address = "Amsterdam, The Netherlands, The Netherlands"
}

@Article{ Quest,
	author = "M. Quest and G. Wegner",
	title = "Characterization of the graphs with boxicity $\le$ 2",
	journal = "Discrete Math.",
	volume = "81",
	issue = "2",
	month = {04},
	year = "1990",
	pages = "187--192",
	publisher = "Elsevier Science Publishers B. V.",
	address = "Amsterdam, The Netherlands, The Netherlands"
}

@Article{ Chandran2007,
	author = "L. Sunil Chandran and Naveen Sivadasan",
	title = "Boxicity and treewidth",
	journal = "J. Comb. Theory Ser. B",
	volume = "97",
	issue = "5",
	month = {08},
	year = "2007",
	pages = "733--744",
	publisher = "Academic Press, Inc.",
	address = "Orlando, FL, USA"
}

@Article{ Chandran09,
	author = "L. Sunil Chandran and K. Ashik Mathew",
	title = "An upper bound for Cubicity in terms of Boxicity",
	journal = "Discrete Mathematics",
	volume = "309",
	number = "8",
	year = "2009",
	pages = "2571--2574"
}

@PhDThesis{ Soulignac,
	author = "F. Soulignac",
	title = "On proper and helly circular-arc graphs",
	school = "Universidad de Buenos Aires",
	year = "2010"
}

@Article{ Marx2007,
	author = "D{\'a}niel Marx and Ildik{\'o} Schlotter",
	title = "Obtaining a planar graph by vertex deletion",
	journal = "Algorithmica",
	volume = "62",
        number = "3--4",
        year = "2012",
        pages = "807--822"
}

@Article{ Cai96,
	author = "Leizhen Cai",
	title = "Fixed-Parameter Tractability of Graph Modification Problems for Hereditary Properties",
	journal = "Inf. Process. Lett.",
	volume = "58",
	number = "4",
	year = "1996",
	pages = "171--176"
}

@Article{ Grohe2004,
	author = "Martin Grohe",
	title = "Computing crossing numbers in quadratic time",
	journal = "J. Comput. Syst. Sci.",
	volume = "68",
	issue = "2",
	month = "mar",
	year = "2004",
	pages = "285--302",
	publisher = "Academic Press, Inc.",
	address = "Orlando, FL, USA"
}

@Article{ Cai03,
  author    = "Leizhen Cai",
  title     = "Parameterized Complexity of Vertex Colouring",
  journal   = "Discrete Applied Mathematics",
  volume    = "127",
  number    = "3",
  year      = "2003",
  pages     = "415--429"
}

@article{Marx06,
  author    = "D{\'a}niel Marx",
  title     = "Parameterized coloring problems on chordal graphs",
  journal   = "Theor. Comput. Sci.",
  volume    = "351",
  number    = "3",
  year      = "2006",
  pages     = "407--424"
}
@article{Chen10,
  author    = "Jianer Chen and Iyad A. Kanj and Ge Xia",
  title     = "Improved upper bounds for vertex cover",
  journal   = "Theor. Comput. Sci.",
  volume    = "411",
  number    = "40-42",
  year      = "2010",
  pages     = "3736--3756"
}

@INPROCEEDINGS{cao10,
  author = "Yixin Cao and Jianer Chen and Yang Liu",
  title = "On Feedback Vertex Set: New Measure and New Structures",
  booktitle = "SWAT",
  year = "2010",
  editor = "Haim Kaplan",
  pages = "93-104",
  publisher = "Springer"
}

@INPROCEEDINGS{vil2,
AUTHOR = "Yngve Villanger",
TITLE = "Proper Interval Vertex Deletion",
booktitle = "IPEC'10",
editor    = "Venkatesh Raman and Saket Saurabh",
PAGES = "228--238",
publisher = "Springer",
YEAR = "2010"  
}

@inproceedings{FellowsHR09,
  author    = "Michael R. Fellows and Danny Hermelin and Frances A. Rosamond",
  title     = "Well-Quasi-Orders in Subclasses of Bounded Treewidth Graphs",
  booktitle = "IWPEC",
  year      = "2009",
  pages     = "149-160"
}

@article{Adiga10,
 author = "Adiga, Abhijin and Chandran, L. Sunil",
 title = "Cubicity of interval graphs and the claw number",
 journal = "J. Graph Theory",
 volume = "65",
 issue = "4",
 month = "12",
 year = "2010",
 pages = "323--333",
 publisher = "John Wiley \& Sons, Inc.",
 address = "New York, NY, USA"
 } 
@Article{ChandranDS09,
	author="Chandran, L. Sunil
		and Das, Anita
		and Shah, Chintan D.",
	title="Cubicity, boxicity, and vertex cover",
	journal="Discrete Mathematics",
	year="2009",
	volume="309",
	number="8",
	pages="2488--2496"
}

@article{Chinthan,
        author = "Shah, Chintan D.",
        title = "Boxicity, cubicity, and vertex cover",
        journal = "M. Sc Thesis, IISc Bangalore",
        volume  = "http://clweb.csa.iisc.ernet.in/chintan/chintan\_thesis.pdf",
        year = "2008"
}

@article{Booth,
 author = "Booth, Kellogg S. and Lueker, George S.",
 title = "Testing for the consecutive ones property, interval graphs, and graph planarity using PQ-tree algorithms",
 journal = "J. Comput. Syst. Sci.",
 volume = "13",
 number = "3",
 month = "dec",
 year = "1976",
 pages = "335--379",
 publisher = "Academic Press, Inc.",
 address = "Orlando, FL, USA"
} 

@article{Fellows09,
 author = "Fellows, Michael and Lokshtanov, Daniel and Misra, Neeldhara and Mnich, Matthias and Rosamond, Frances and Saurabh, Saket",
 title = "The Complexity Ecology of Parameters: An Illustration Using Bounded Max Leaf Number",
 journal = "Theor. Comp. Sys.",
 volume = "45",
 number = "4",
 month = "jul",
 year = "2009",
 pages = "822--848",
 publisher = "Springer-Verlag New York, Inc.",
 address = "Secaucus, NJ, USA"
} 

@article{Abrego2009,
author = "B. M. \'{A}brego and E. Arkin and S. Fernández-Merchant and F. Hurtado and M. Kano and J. Mitchell and J. Urrutia",
title = "Matching points with squares",
journal = "Discrete and Computational Geometry",
volume = "41",
year = "2009",
pages = "77--95"
} 

@article{Bereg2009,
 author = "Bereg, Sergey and Mutsanas, Nikolaus and Wolff, Alexander",
 title = "Matching points with rectangles and squares",
 journal = "Comput. Geom. Theory Appl.",
 volume = "42",
 number = "2",
 month = {02},
 year = "2009",
 pages = "93--108"
} 
@inproceedings{Keil1988,
 author = "Keil, J. M.",
 title = "Approximating the complete {E}uclidean graph",
 booktitle = "No. 318 on SWAT 88: 1st Scandinavian workshop on algorithm theory",
 year = "1988",
 pages = "208--213",
 publisher = "Springer-Verlag"
} 

@inproceedings{Bonichon2010,
 author = "Bonichon, Nicolas and Gavoille, Cyril and Hanusse, Nicolas and Ilcinkas, David",
 title = "Connections between theta-graphs, {D}elaunay triangulations, and orthogonal surfaces",
 booktitle = "Proceedings of the 36th international conference on Graph-theoretic concepts in computer science",
 series = "WG'10",
 year = "2010",
 pages = "266--278",
 publisher = "Springer-Verlag"
} 

@inproceedings{Chew1985,
 author = "Chew, L. Paul and Dyrsdale,III, Robert L. (Scot)",
 title = "Voronoi diagrams based on convex distance functions",
 booktitle = "Proceedings of the first annual symposium on Computational geometry",
 series = "SCG '85",
 year = "1985",
 pages = "235--244",
 publisher = "ACM"
 } 

@article{Chew1989,
 author = "Chew, L. Paul",
 title = "There are planar graphs almost as good as the complete graph",
 journal = "Journal of Computer and System Sciences",
 volume = "39",
 number = "2",
 month = {10},
 year = "1989",
 pages = "205--219" 
} 



@inproceedings{Clarkson1987,
 author = "Clarkson, K.",
 title = "Approximation algorithms for shortest path motion planning",
 booktitle = "Proceedings of the nineteenth annual ACM symposium on Theory of computing",
 series = "STOC '87",
 year = "1987",
 pages = "56--65",
 publisher = "ACM"
 } 

@inproceedings{Dillencourt1990,
 author = "Dillencourt, M.",
 title = "Toughness and {D}elaunay triangulations",
 booktitle = "Proceedings of the third annual symposium on Computational geometry",
 series = "SCG '87",
 year = "1987",
 pages = "186--194",
 publisher = "ACM"
} 

@inproceedings{Panahi,
  author    = "Fatemeh Panahi and
               Ali Mohades and
               Mansoor Davoodi and
               Marzieh Eskandari",
  title     = "Weak Matching Points with Triangles",
  booktitle = "Proceedings of the 23rd Annual Canadian Conference on Computational
               Geometry",
  year      = "2011",
}
@Book{Narasimhan2007,
author = "G. Narasimhan and M. Smid",
title = "Geometric Spanner Networks",
year = "2007",
publisher = "Cambridge University Press"
}
@Book{Diestel,
author = "Reinhard Diestel",
	title = "Graph Theory Fourth Edition",
	year = "2010",
	publisher = "Springer-Verlag"
	}

@article{Nishi,
author = "Takao Nishizeki",
title = "Lower bounds on the cardinality of the maximum matchings of planar graphs",
journal = "Discrete Mathematics",
 volume = "28",
 year = "1979",
 pages = "255--267",
publisher = "North-Holland Publishing Company"
} 
@article{Bose,
author = "Prosenjit Bose and Paz Carmi and Sebastien Collette and Michiel Smid",
title = "On the Stretch Factor of Convex {D}elaunay Graphs",
journal = "Journal of Computational Geometry",
volume = "1",
 year = "2010",
 pages = "41--56"
} 
@article{Babu2012,
  author    = "Jasine Babu and Ahmad Biniaz and Anil Maheshwari and Michiel Smid",
  title     = "Fixed-Orientation Equilateral Triangle Matching of Point Sets",
  journal   = "CoRR",
  volume    = "abs/1211.2734",
  year      = "2012",
  url        = "http://arxiv.org/abs/1211.2734"
 }
@inproceedings{Schnyder1990,
 author = "Schnyder, Walter",
 title = "Embedding planar graphs on the grid",
 booktitle = "Proceedings of the first annual ACM-SIAM symposium on Discrete algorithms",
 series = "SODA '90",
 year = "1990",
 pages = "138--148"
} 
@ARTICLE{Govindan98,
    author = "Rajeev Govindan and Michael A. Langston and Xudong Yan",
    title = "Approximating the Pathwidth of Outerplanar Graphs",
    journal = "Inf. Process. Lett.",
    year = "1998",
    volume = "68",
  number    = "1",
  pages     = "17-23"
}

@article{Ellis1994,
 author = "Ellis, J. A. and Sudborough, I. H. and Turner, J. S.",
 title = "The vertex separation and search number of a graph",
 journal = "Inf. Comput.",
 volume = "113",
 number = "1",
 year = "1994",
 pages = "50--79",
 publisher = "Academic Press, Inc.",
 address = "Duluth, MN, USA"
} 

@inproceedings{Dujmovic2002,
 author = "Dujmovic, Vida and Morin, Pat and Wood, David R.",
 title = "Path-Width and Three-Dimensional Straight-Line Grid Drawings of Graphs",
 booktitle = "Revised Papers from the 10th International Symposium on Graph Drawing",
 series = "GD '02",
 year = "2002",
 pages = "42--53",
 publisher = "Springer-Verlag",
 address = "London, UK"
} 

@article{Suderman04,
  author    = "Matthew Suderman",
  title     = "Pathwidth And Layered Drawings Of Trees",
  journal   = "Int. J. Comput. Geometry Appl.",
  volume    = "14",
  number    = "3",
  year      = "2004",
  pages     = "203-225"  
}

@inproceedings{Biedl2012,
author= "Therese Biedl",
title="A 4-approximation for the height of 2-connected outer-planar graph drawings",
series ="WAOA 2012",
year ="2012"
}

@article{Chartrand67,
author="Chartrand, Gary and Harary, Frank",
title="Planar permutation graphs",
journal="Annales de l'institut Henri Poincaré (B) Probabilités et Statistiques",
volume="3",
year="1967",
pages ="433--438"
}

@article{BodlaenderF02,
  author    = "Hans L. Bodlaender and
               Fedor V. Fomin",
  title     = "Approximation of pathwidth of outerplanar graphs",
  journal   = "J. Algorithms",
  volume    = "43",
  number    = "2",
  year      = "2002",
  pages     = "190--200"  
}

@article{RobertsonS84,
  author    = "Neil Robertson and
               Paul D. Seymour",
  title     = "Graph minors. III. Planar tree-width",
  journal   = "J. Comb. Theory, Ser. B",
  volume    = "36",
  number    = "1",
  year      = "1984",
  pages     = "49--64"
}

@article{Syslo79,
author= "Maciej M. Syslo",
title = "Characterizations of outerplanar graphs",
journal= "Discrete Mathematics",
volume ="26",
number=" 1",
year="1979",
pages="47--53"
}

@article{Garcia10,
author= "A. García and F. Hurtado and M. Noy and J. Tejel",
journal="Algorithmica",
title="Augmenting the Connectivity of Outerplanar Graphs",
year="2010",
volume="56",
number="2",
pages= "160--179"
}

@article{Kant96,
author="Goos Kant",
title="Augmenting Outerplanar Graphs",
journal="Journal of Algorithms",
volume ="21",
number="1",
year="1996",
pages="1--25"
}

@article{Biedl2011,
 author = "Biedl, Therese",
 title = "Small Drawings of Outerplanar Graphs, Series-Parallel Graphs, and Other Planar Graphs",
 journal = "Discrete Comput. Geom.",
 volume = "45",
 number = "1",
 year = "2011",
 pages = "141--160",
 publisher = "Springer-Verlag New York, Inc." 
}
@inproceedings{Chalermsook2013,
author = "Parinya Chalermsook and Bundit Laekhanukit and Danupon Nanongkai",
title = "Graph Products Revisited: Tight Approximation Hardness of Induced Matching, Poset Dimension and More",
series ="SODA 2013",
pages = "1557--1576",
year      = "2013"
}
@article{Hopcroft73,
 author = "Hopcroft, John and Tarjan, Robert",
 title = "Algorithm 447: Efficient Algorithms for Graph Manipulation",
 journal = "Commun. ACM",
 volume = "16",
 number = "6",
 year = "1973",
 pages = "372--378",
 publisher = "ACM"
 } 
@article{Skodinis2003,
 author = "Skodinis, Konstantin",
 title = "Construction of linear tree-layouts which are optimal with respect to vertex separation in linear time",
 journal = "J. Algorithms",
 volume = "47",
 number = "1",
 year = "2003",
 pages = "40--59",
 publisher = "Academic Press, Inc.",
 address = "Duluth, MN, USA"
} 
@article{JasArxiv2012,
  author    = "Jasine Babu and Manu Basavaraju and L. Sunil Chandran and Deepak Rajendraprasad",
  title     = "2-connecting Outerplanar Graphs without Blowing Up the Pathwidth",
  journal   = "CoRR",
  volume    = "abs/1212.6382",
  year      = "2012",
  url        = "http://arxiv.org/abs/1212.6382"
  }
@article{Shrestha10,
 author = "Shrestha, Anish Man Singh and Tayu, Satoshi and Ueno, Shuichi",
 title = "On orthogonal ray graphs",
 journal = "Discrete Appl. Math.",
 volume = "158",
 number = "15",
 month = {08},
 year = "2010",
 pages = "1650--1659"
} 
@InProceedings{Maffray03,
	author = "F. Maffray",
	title = "On the coloration of perfect graphs",
	booktitle = "Recent Advances in Algorithmic Combinatorics",
	year = "2003",
	pages = "65--84",
	publisher = "CMS books in Mathematics"
}
@Article{Trotter79,
	author = "Trotter Jr., William T.",
	title = "A characterization of robert's inequality for boxicity",
	journal = "Discrete Math.",
	volume = "28",
	number = "3",
	year = "1979",
	pages = "303--313"
}

@Article{ Krauth2007,
	author = "Robert Krauthgamer and James R. Lee",
	title = "The intrinsic dimensionality of graphs",
	journal = "Combinatorica",
	year = "2007",
	volume = "27",
        number="5",
	pages = "551--585"
}

@Article{ Breu1998,
	author = "Heinz Breu and David G. Kirkpatrick",
	title = "Unit disk graph recognition is NP-hard",
	journal = "Computational Geometry",
	year = "1998",
	volume = "9",
	pages = "2--34"
}
@InProceedings{ AdigaIPEC, 
  author    = "Abhijin Adiga and Jasine Babu and L. Sunil Chandran",
  title     = "Polynomial Time and Parameterized Approximation Algorithms
               for Boxicity",
  booktitle = "IPEC",
  publisher = "Springer",
  series    = "Lecture Notes in Computer Science",
  volume    = "7535",
  year      = "2012",
  pages = "135--146"
}
@Article{ ChandranMannino,
  author    =  "L.S. Chandran and C. Mannino and G. Oriolo",
  title     = "On the cubicity of certain graphs",
  journal = "Inf. Process. Lett.",
  volume    = "94",
  number    = "3",
  year      = "2005",
  pages = "113--118"
}
@Article{ Linial1995,
  author    =  "N. Linial and E. London and Y. Rabinovich",
  title     = "The geometry of graphs and some of its algorithmic applications",
  journal = "Combinatorica",
  volume    = "15",
  number    = "2",
  year      = "1995",
  pages = "215--245"
}
@Article{ AdigaLb,
  author    =  "Abhijin Adiga and L. Sunil Chandran and Naveen Sivadasan",
  title     = "Lower Bounds for Boxicity",
  journal   = "To appear in Combinatorica. CoRR",
  volume    = "abs/0806.3175",
  year      = "2008"
}
@Article{ ErdosTuza,
  author = "Paul Erd{\"o}s and Zsolt Tuza", 
  title = "Rainbow Subgraphs in Edge-Colorings of Complete Graphs", 
  journal = "Annals of Discrete Mathematics", 
  volume = "55",
  year = "1993", 
  pages = "81--88"
}
@Article{ FriezeReed1,
   author = "Alan Frieze and Bruce Reed",
   title = "Polychromatic Hamilton cycles",
   journal = "Discrete Mathematics", 
   volume = "118", 
   number = "1–3", 
   year = "1993", 
   pages = "69--74"
}
@article{ ChenL07,
 author = "He Chen and Xueliang Li",
  journal = "Electr. J. Comb.",
  title = "Color Neighborhood Union Conditions for Long Heterochromatic Paths in Edge-Colored Graphs",
  volume = "14",
  number = "1",
  year = "2007",
  pages = "\#R77"
}
@article{ ChenL05,
author = "He Chen and Xueliang Li",
title = "Color degree and color neighborhood union conditions for long heterochromatic paths in edge-colored graphs",
journal   = "CoRR",
volume    = "abs/0512144",
year      = "2005"
}
@article{ Albert95,
author = "Michael Albert and Alan Frieze and Bruce Reed",
title = "Multicoloured Hamilton Cycles",
journal = "Electr. J. Comb.",
volume    = "2",
year      = "1995",
pages = "\#R10"
}
@article{ Hahn86,
author = "Geňa Hahn and Carsten Thomassen",
title = "Path and cycle sub-ramsey numbers and an edge-colouring conjecture",
journal = "Discrete Mathematics",
volume    = "62",
year      = "1986",
pages = "29--33"
}
@article{ ErdosNesetril93, 
author = "Paul Erd{\"o}s and Jaroslav Nesetril and Vojtech R{\"o}dl", 
title = "On some problems related to partitions of edges of a graph",
journal ="Graphs and other combinatorial topics, Proc. 3rd Czech. Symp., Prague 1982, Teubner-Texte Math. 59", 
pages = "54--63",
year= "1983"
}
@article{ Broersma05,
author = "Hajo Broersma and Xueliang Li and Gerhard Woeginger and Shenggui Zhang", 
title = "Paths and Cycles in Colored Graphs",
journal = "Australasian J. Combin.", 
volume = "31", 
pages = "297--309",
year = "2005"
}
@article{ ChenL08,
author = "He Chen and Xueliang Li",
title = "Long heterochromatic paths in heterochromatic triangle free graphs",
journal   = "Utilitas Mathematica",
volume    = "85",
year      = "2011",
pages = "3--11. (An older version is available at http://arxiv.org/abs/0804.4526)"
}
@article{ ChenLi2005,
author = "He Chen and Xueliang Li",
title = "Long heterochromatic paths in edge-colored graphs",
journal = "Electr. J. Comb.",
volume = "12",
year = "2005",
pages = "\#R33"
}
@article{ Alon2001,
author = "Noga Alon and Shlomo Hooryand Nathan Linial",
title = "The moore bound for irregular graphs",
journal = "Graphs and Combinatorics", 
volume = "18",
pages = "53--57",
year= "2002"
}
@InProceedings{ AnitaEurocomb, 
  author    = " Anita Das and P Suresh and S. V. Subrahmanya",
  title     = "Rainbow path and minimum degree in properly edge colored graphs",
  booktitle = "Eurocomb",
  year      = "2013. (Also available at http://arxiv.org/abs/1312.5067)"
}
@article{ Gyarfas11,
author = "Andras Gyarfas and Miklos Ruszinko and Gabor N. Sarkozy and Richard H. Schelp",
title  = "Long rainbow cycles in proper edge-colorings of complete graphs",
journal = "Australasian Journal Of Combinatorics", 
volume = "50",
pages = "45--53",
year= "2011"
}
@article{ KostochkaY12,
  author    = "Alexandr V. Kostochka and Matthew Yancey",
  title     = "Large Rainbow Matchings in Edge-Coloured Graphs",
  journal   = "Combinatorics, Probability {\&} Computing",
  volume    = "21",
  number    = "1--2",
  year      = "2012",
  pages     = "255--263"
}
@Article{ Dushnik41,
  author = {Dushnik, Ben and Miller, E. W.},
  title = {Partially Ordered Sets},
  journal = {American Journal of Mathematics},
  volume = {63},
  number = {3},
  year = {1941},
  pages = {600--610}
}
@Article{ Chvatal77,
	author = "V\'{a}clav Chv\'{a}tal and Peter L. Hammer",
	title = "Aggregation of Inequalities in Integer Programming",
	journal = "Annals of Discrete Mathematics: Studies in Integer Programming",
	volume = "1",
	year = "1977",
	pages = "145--162"
}
@Article{ Trotter78,
	author = "Trotter Jr., William T.",
	title = "Combinatorial Problems in Dimension Theory for Partially Ordered Sets",
	journal = "Problemes Combinatoires et Theorie des Graphes, Colloque Internationeaux C.N.R.S.",
	number = "260",
	year = "1978",
	pages = "403--406"
}
@Article{ Bhowmick2011, 
 author = "Diptendu Bhowmick and L. Sunil Chandran", 
 title = "Boxicity of Circular Arc Graphs",
 journal = "Graphs and Combinatorics",
 volume = "27",
 month = {11},
 year = "2011",
 pages = "769--783"
}
@Comment{jabref-meta: databaseType:bibtex;}
